1. Karasu, Seçkin, et al. "Prediction of Bitcoin prices with machine learning methods using time series data." 2018 26th signal processing and communications applications conference (SIU). IEEE, 2018.

@inproceedings{karasu2018prediction,
  title={Prediction of Bitcoin prices with machine learning methods using time series data},
  author={Karasu, Se{\c{c}}kin and Altan, Ayta{\c{c}} and Sara{\c{c}}, Zehra and Hacio{\u{g}}lu, Rifat},
  booktitle={2018 26th signal processing and communications applications conference (SIU)},
  pages={1--4},
  year={2018},
  organization={IEEE}
}

2.Phaladisailoed, Thearasak, and Thanisa Numnonda. "Machine learning models comparison for bitcoin price prediction." 2018 10th International Conference on Information Technology and Electrical Engineering (ICITEE). IEEE, 2018.

@inproceedings{phaladisailoed2018machine,
  title={Machine learning models comparison for bitcoin price prediction},
  author={Phaladisailoed, Thearasak and Numnonda, Thanisa},
  booktitle={2018 10th International Conference on Information Technology and Electrical Engineering (ICITEE)},
  pages={506--511},
  year={2018},
  organization={IEEE}
}

3. McNally, Sean, Jason Roche, and Simon Caton. "Predicting the price of bitcoin using machine learning." 2018 26th euromicro international conference on parallel, distributed and network-based processing (PDP). IEEE, 2018.

@inproceedings{mcnally2018predicting,
  title={Predicting the price of bitcoin using machine learning},
  author={McNally, Sean and Roche, Jason and Caton, Simon},
  booktitle={2018 26th euromicro international conference on parallel, distributed and network-based processing (PDP)},
  pages={339--343},
  year={2018},
  organization={IEEE}
}

4. Velankar, Siddhi, Sakshi Valecha, and Shreya Maji. "Bitcoin price prediction using machine learning." 2018 20th International Conference on Advanced Communication Technology (ICACT). IEEE, 2018.

@inproceedings{velankar2018bitcoin,
  title={Bitcoin price prediction using machine learning},
  author={Velankar, Siddhi and Valecha, Sakshi and Maji, Shreya},
  booktitle={2018 20th International Conference on Advanced Communication Technology (ICACT)},
  pages={144--147},
  year={2018},
  organization={IEEE}
}

5. Rathan, Karunya, Somarouthu Venkat Sai, and Tubati Sai Manikanta. "Crypto-currency price prediction using decision tree and regression techniques." 2019 3rd International Conference on Trends in Electronics and Informatics (ICOEI). IEEE, 2019.

@inproceedings{rathan2019crypto,
  title={Crypto-currency price prediction using decision tree and regression techniques},
  author={Rathan, Karunya and Sai, Somarouthu Venkat and Manikanta, Tubati Sai},
  booktitle={2019 3rd International Conference on Trends in Electronics and Informatics (ICOEI)},
  pages={190--194},
  year={2019},
  organization={IEEE}
}

6. Aggarwal, Apoorva, et al. "Deep learning approach to determine the impact of socio economic factors on bitcoin price prediction." 2019 Twelfth International Conference on Contemporary Computing (IC3). IEEE, 2019.

@inproceedings{aggarwal2019deep,
  title={Deep learning approach to determine the impact of socio economic factors on bitcoin price prediction},
  author={Aggarwal, Apoorva and Gupta, Isha and Garg, Novesh and Goel, Anurag},
  booktitle={2019 Twelfth International Conference on Contemporary Computing (IC3)},
  pages={1--5},
  year={2019},
  organization={IEEE}
}

7. Breuel, Thomas M. "Benchmarking of LSTM networks." arXiv preprint arXiv:1508.02774 (2015).

@article{breuel2015benchmarking,
  title={Benchmarking of LSTM networks},
  author={Breuel, Thomas M},
  journal={arXiv preprint arXiv:1508.02774},
  year={2015}
}

8. Xingjian, S. H. I., et al. "Convolutional LSTM network: A machine learning approach for precipitation nowcasting." Advances in neural information processing systems. 2015.

@inproceedings{xingjian2015convolutional,
  title={Convolutional LSTM network: A machine learning approach for precipitation nowcasting},
  author={Xingjian, SHI and Chen, Zhourong and Wang, Hao and Yeung, Dit-Yan and Wong, Wai-Kin and Woo, Wang-chun},
  booktitle={Advances in neural information processing systems},
  pages={802--810},
  year={2015}
}

9. Crisóstomo de Castro Filho, Hugo, et al. "Rice crop detection using LSTM, Bi-LSTM, and machine learning models from sentinel-1 time series." Remote Sensing 12.16 (2020): 2655.

@article{crisostomo2020rice,
  title={Rice crop detection using LSTM, Bi-LSTM, and machine learning models from sentinel-1 time series},
  author={Cris{\'o}stomo de Castro Filho, Hugo and Ab{\'\i}lio de Carvalho J{\'u}nior, Osmar and Ferreira de Carvalho, Osmar Luiz and Pozzobon de Bem, Pablo and dos Santos de Moura, Rebeca and Olino de Albuquerque, Anesmar and Rosa Silva, Cristiano and Guimar{\~a}es Ferreira, Pedro Henrique and Fontes Guimar{\~a}es, Renato and Trancoso Gomes, Roberto Arnaldo},
  journal={Remote Sensing},
  volume={12},
  number={16},
  pages={2655},
  year={2020},
  publisher={Multidisciplinary Digital Publishing Institute}
}

10. Greff, Klaus, et al. "LSTM: A search space odyssey." IEEE transactions on neural networks and learning systems 28.10 (2016): 2222-2232.

@article{greff2016lstm,
  title={LSTM: A search space odyssey},
  author={Greff, Klaus and Srivastava, Rupesh K and Koutn{\'\i}k, Jan and Steunebrink, Bas R and Schmidhuber, J{\"u}rgen},
  journal={IEEE transactions on neural networks and learning systems},
  volume={28},
  number={10},
  pages={2222--2232},
  year={2016},
  publisher={IEEE}
}

11. Farell, Ryan. "An analysis of the cryptocurrency industry." (2015).

@article{farell2015analysis,
  title={An analysis of the cryptocurrency industry},
  author={Farell, Ryan},
  year={2015}
}

12. Mukhopadhyay, Ujan, et al. "A brief survey of cryptocurrency systems." 2016 14th annual conference on privacy, security and trust (PST). IEEE, 2016.

@inproceedings{mukhopadhyay2016brief,
  title={A brief survey of cryptocurrency systems},
  author={Mukhopadhyay, Ujan and Skjellum, Anthony and Hambolu, Oluwakemi and Oakley, Jon and Yu, Lu and Brooks, Richard},
  booktitle={2016 14th annual conference on privacy, security and trust (PST)},
  pages={745--752},
  year={2016},
  organization={IEEE}
}

13. Liu, Yukun, Aleh Tsyvinski, and Xi Wu. Common risk factors in cryptocurrency. No. w25882. National Bureau of Economic Research, 2019.

@techreport{liu2019common,
  title={Common risk factors in cryptocurrency},
  author={Liu, Yukun and Tsyvinski, Aleh and Wu, Xi},
  year={2019},
  institution={National Bureau of Economic Research}
}

14. Collins, Gary S., and Karel GM Moons. "Reporting of artificial intelligence prediction models." The Lancet 393.10181 (2019): 1577-1579.

@article{collins2019reporting,
  title={Reporting of artificial intelligence prediction models},
  author={Collins, Gary S and Moons, Karel GM},
  journal={The Lancet},
  volume={393},
  number={10181},
  pages={1577--1579},
  year={2019},
  publisher={Elsevier}
}

15 Patel, Jigar, et al. "Predicting stock and stock price index movement using trend deterministic data preparation and machine learning techniques." Expert systems with applications 42.1 (2015): 259-268.

@article{patel2015predicting,
  title={Predicting stock and stock price index movement using trend deterministic data preparation and machine learning techniques},
  author={Patel, Jigar and Shah, Sahil and Thakkar, Priyank and Kotecha, Ketan},
  journal={Expert systems with applications},
  volume={42},
  number={1},
  pages={259--268},
  year={2015},
  publisher={Elsevier}
} 
